<?xml version="1.0" encoding="UTF-8"?><collection xmlns="http://www.loc.gov/MARC21/slim"><record><leader>00391nam--2200145-i-4500</leader><controlfield tag="001">000034523</controlfield><controlfield tag="002">20161230</controlfield><controlfield tag="005">20170210211911</controlfield><controlfield tag="008">060222s1000------------r-----000-0-eng-d</controlfield><datafield ind1=" " ind2=" " tag="100"><subfield code="a">Neuman, John Von</subfield></datafield><datafield ind1=" " ind2=" " tag="245"><subfield code="a">Entwicklung und ausnutzung neuerer mathematischer maschinen</subfield></datafield><datafield ind1=" " ind2=" " tag="260"><subfield code="a">Koln</subfield><subfield code="b">Westdeutscher Verlag</subfield><subfield code="c">1955</subfield></datafield><datafield ind1=" " ind2=" " tag="300"><subfield code="a">65-72 p</subfield></datafield><datafield ind1=" " ind2=" " tag="852"><subfield code="a">12935</subfield></datafield><datafield ind1=" " ind2=" " tag="CAT"><subfield code="a">SYS</subfield><subfield code="c">20170210</subfield><subfield code="h">211911</subfield></datafield></record></collection>